@article{henao2018impact,
  title={The impact of ride-hailing on vehicle miles traveled},
  author={Henao, Alejandro and Marshall, Wesley E},
  journal={Transportation},
  pages={1--22},
  year={2018},
  publisher={Springer}
}

@article{vazifeh2018addressing,
  title={Addressing the minimum fleet problem in on-demand urban mobility},
  author={Vazifeh, Mohammed M and Santi, P and Resta, G and Strogatz, SH and Ratti, C},
  journal={Nature},
  volume={557},
  number={7706},
  pages={534},
  year={2018},
  publisher={Nature Publishing Group}
}

@article{hanna2016minimum,
  title={Minimum cost matching for autonomous carsharing},
  author={Hanna, Josiah P and Albert, Michael and Chen, Donna and Stone, Peter},
  journal={IFAC-PapersOnLine},
  volume={49},
  number={15},
  pages={254--259},
  year={2016},
  publisher={Elsevier}
}

@article{cooper2018profiling,
  title={Profiling Transport Network Company Activity using Big Data},
  author={Cooper, Drew and Castiglione, Joe and Mislove, Alan and Wilson, Christo},
  journal={Transportation Research Record},
  volume={2672},
  number={42},
  pages={192--202},
  year={2018},
  publisher={SAGE Publications Sage CA: Los Angeles, CA}
}

@online{pgrouting,
  title={{pgRouting}},
  author={{pgRouting Project}},
  year={2019},
  howpublished="\url{https://pgrouting.org}",
  note="Accessed July 16, 2019."
}

@online{postgis,
  title={{PostGIS}},
  author={{PostGIS Project}},
  year={2019},
  howpublished="\url{https://postgis.net}",
  note="Accessed July 16, 2019."
}

@online{postgres,
  title={{PostgreSQL}},
  author={{The PostgreSQL Global Development Group}},
  year={2019},
  howpublished="\url{https://www.postgresql.org}",
  note="Accessed July 17, 2019."
}

@inprogress{loatrb,
  title={Use of ``SP-off-RP'' Experiment to Understand the Impacts and Utilization of Ride-Hailing Services and the Determinants of Mode Choice: The case of the City of Toronto},
  author={Loa, Patrick and Hawkins, Jason and Habib, Khander Nurul},
  note="\emph{Submitted to Transportation Research Record}",
  year={2019}
}

@inprogress{wenting2019transitcharacteristics,
  title={Comparative Analysis of the Travel Characteristics between Ride-Hailing and Public Transit in Toronto},
  author={Li, Wenting and Shalaby, Amer and Habib, Khander Nurul} ,
  note="\emph{Submitted to Transportation Research Record}",
  year={2019}
}

@inprogress{wenting2019transitcompetition,
  title={Exploring the Ridership Impacts of Ride-hailing on Multimodal Public Transit in Toronto},
  author={Li, Wenting and Shalaby, Amer and Habib, Khander Nurul} ,
  note="\emph{Submitted to Transportation Research Record}",
  year={2019}
}

@inprogress{calderontrb,
  title={A Prototype Model of Ridehailing Service Provision},
  author={Calder\'{o}n, Francisco and Miller, Eric J.},
  note="\emph{Submitted to Transportation Research Record}",
  year={2019}
}

@online{schneider2019dashboard,
  author={Schneider, Todd W.},
  title={Taxi and Ridehailing Usage in New York City},
  year={2019},
  howpublished="\url{https://toddwschneider.com/dashboards/nyc-taxi-ridehailing-uber-lyft-data}",
  note="Accessed July 17, 2019."
}

@online{chicago2019transportation,
  author={{City of Chicago}},
  title={Transportation Network Providers - Trips},
  year={2019},
  howpublished="\url{https://data.cityofchicago.org/Transportation/Transportation-Network-Providers-Trips/m6dm-c72p}",
  note="Accessed July 17, 2019."
}

@online{rideaustin2017data,
  author={{Ride Austin}},
  title={Ride-Austin-june6-april13},
  year={2017},
  howpublished="\url{https://data.world/ride-austin/ride-austin-june-6-april-13}",
  note="Accessed April 12, 2019."
}

@misc{nyctlc2019report,
  author={{New York City Taxi and Limousine Commission} and {New York City Department of Transportation}},
  title={Improving Efficiency and Managing Growth in New York's For-Hire Vehicle Sector},
  year={2019},
  howpublished="\url{https://www1.nyc.gov/assets/tlc/downloads/pdf/fhv_congestion_study_report.pdf}",
  address={New York City Taxi and Limousine Commission}
}

@misc{bdittoreport,
  author={{Big Data Innovation Team} and {University of Toronto Transportation Research Institute}},
  title={The Transportation Impacts of Vehicle-for-Hire in the City of Toronto},
  year={2019},
  howpublished="\url{https://www.toronto.ca/wp-content/uploads/2019/06/96c7-Report_v1.0_2019-06-21.pdf}",
  address={City of Toronto}
}

@online{gurley2014dynamic,
  author={Gurley, Ben},
  title={A Deeper Look at Uber's Dynamic Pricing Model},
  year={2014},
  howpublished="\url{http://abovethecrowd.com/2014/03/11/a-deeper-look-at-ubers-dynamic-pricing-model}",
  address={Above the Crowd},
  note="Accessed July 19, 2019."
}

@article{anderson2014not,
  title={``Not just a taxi''? For-profit ridesharing, driver strategies, and VMT},
  author={Anderson, Donald N},
  journal={Transportation},
  volume={41},
  number={5},
  pages={1099--1117},
  year={2014},
  publisher={Springer}
}

@online{tocommittee,
  author={{Toronto City Council}},
  title={General Government and Licensing Committee - June 24, 2019 - Part 2 of 2},
  year={2019},
  howpublished="\url{https://www.youtube.com/watch?v=jZk04aqvzBU&t=5850s}",
  note="Accessed July 22, 2019."
}

@online{ubersurge,
  author={{Uber}},
  title={How surge pricing works},
  year={2019},
  howpublished="\url{https://www.uber.com/en-CA/drive/partner-app/how-surge-works}",
  note="Accessed July 19, 2019."
}

@online{lyftsurge,
  author={{Lyft}},
  title={Prime Time for drivers},
  year={2019},
  howpublished="\url{https://help.lyft.com/hc/en-ca/articles/115012926467-Prime-Time-for-drivers}",
  note="Accessed July 19, 2019."
}

@misc{wspreport,
  author={{WSP Canada}},
  title={Economic Impact Analysis of Toronto's Taxicab, Limousine, and Private Transportation Companies},
  year={2019},
  howpublished="\url{https://www.toronto.ca/legdocs/mmis/2019/gl/bgrd/backgroundfile-134427.pdf}",
  address={City of Toronto}
}

@online{westhollywoodcurb,
  title={THE DROP},
  howpublished="\url{https://www.weho.org/city-government/city-departments/facilities-and-recreation-services/parking-services/the-drop}",
  author={{City of West Hollywood}},
  year={2018},
  note="Accessed July 29, 2019"
}

@online{ddotcurb,
  title={Mayor Bowser and DDOT Announce Pick-Up/Drop-Off Zone Pilot Program Expansion},
  author={{District Department of Transportation}},
  howpublished="\url{https://ddot.dc.gov/release/mayor-bowser-and-ddot-announce-pick-updrop-zone-pilot-program-expansion}",
  year={2018},
  note="Accessed July 29, 2019"
}

@online{tncstoday,
  title={TNCs Today: A Profile of San Francisco Transportation Network Company Activity},
  author={{San Francisco County Transportation Authority}},
  howpublished="\url{https://www.sfcta.org/sites/default/files/2019-02/TNCs_Today_112917_0.pdf}",
  year={2017},
  note="Accessed July 29, 2019"
}

@article{boesch1977covering,
  title={Covering points of a digraph with point-disjoint paths and its application to code optimization},
  author={Boesch, Francis T and Gimpel, James F},
  journal={Journal of the ACM (JACM)},
  volume={24},
  number={2},
  pages={192--198},
  year={1977},
  publisher={ACM}
}

@online{networkx,
  title={{NetworkX}},
  author={{Swart, Pieter and Schult, Dan and Hagberg, Aric}},
  year={2019},
  howpublished="\url{https://github.com/networkx/networkx}",
  note="Accessed July 27, 2019."
}

@online{ortools,
  title={{Google OR-Tools}},
  author={{Google Operations Research}},
  year={2019},
  howpublished="\url{https://developers.google.com/optimization}",
  note="Accessed July 27, 2019."
}

@online{ubervideo,
  author={{Stanford University School of Engineering}},
  title={Dawn Woodward: How Uber matches riders and drivers to reduce waiting time},
  year={2018},
  howpublished="\url{https://www.youtube.com/watch?v=jZk04aqvzBU}",
  note="Accessed July 27, 2019."
}

@article{lin1991divergence,
  title={Divergence measures based on the Shannon entropy},
  author={Lin, Jianhua},
  journal={IEEE Transactions on Information theory},
  volume={37},
  number={1},
  pages={145--151},
  year={1991},
  publisher={IEEE}
}

@misc{vfhbylaw,
  title={TORONTO MUNICIPAL CODE CHAPTER 546, LICENSING OF VEHICLES-FOR-HIRE},
  author={{City of Toronto}},
  year={2019},
  howpublished="\url{https://www.toronto.ca/legdocs/municode/toronto-code-546.pdf}",
  note="Accessed July 30, 2019."
}

@misc{centrelinexsection,
  title={Intersection File - City of Toronto},
  howpublished="\url{https://open.toronto.ca/dataset/intersection-file-city-of-toronto/}",
  year={2019},
  note="Accessed July 30, 2019."
}

@misc{sharedstreetsactivity,
  title={Taxi and TNC Activity},
  author={{SharedStreets}},
  howpublished="\url{https://sharedstreets.io/taxi-tnc-activity/}",
  year={2019},
  note="Accessed July 30, 2019."
}

@online{sharedstreetshowtomatch,
  title={How the SharedStreets Referencing System Works},
  author={Emily Eros},
  howpublished="\url{https://sharedstreets.io/how-the-sharedstreets-referencing-system-works/}",
  year={2019},
  note="Accessed July 30, 2019."
}

@misc{nyc2016report,
  author={{New York City Office of the Mayor}},
  title={For-Hire Vehicle Transportation Study},
  year={2016},
  howpublished="\url{https://www1.nyc.gov/assets/operations/downloads/pdf/For-Hire-Vehicle-Transportation-Study.pdf}",
  address={New York City Office of the Mayor}
}

@article {Erhardteaau2670,
    author = {Erhardt, Gregory D. and Roy, Sneha and Cooper, Drew and Sana, Bhargava and Chen, Mei and Castiglione, Joe},
    title = {Do transportation network companies decrease or increase congestion?},
    volume = {5},
    number = {5},
    elocation-id = {eaau2670},
    year = {2019},
    doi = {10.1126/sciadv.aau2670},
    publisher = {American Association for the Advancement of Science},
    URL = {https://advances.sciencemag.org/content/5/5/eaau2670},
    eprint = {https://advances.sciencemag.org/content/5/5/eaau2670.full.pdf},
    journal = {Science Advances}
}

@misc{kingstreetpilot,
  title={The Future of King Street: Results of the Transit Pilot},
  author={{General Manager, Transportation Services}, {Chief Planner &
  Executive Director, City Planning} and {Chief Customer Officer, Toronto
  Transit Commission}},
  howpublished="\url{https://www.toronto.ca/legdocs/mmis/2019/ex/bgrd/backgroundfile-131188.pdf}",
  year={2019},
  note="Accessed August 1, 2019."
}

@techreport{volumemodel,
  title={Analyzing the Effects of Transit-Only Corridors on Traffic and Emissions in the Affected Neighbourhoods: A Before-After Intervention Analysis},
  author={Reddy, Bhargav Ram Channa and Ganji, Arman and Abiola, Samuel and
  Hatzopoulou, Marianne},
  Institution="Presented at 98th Annual Meeting of the Transportation Research
  Board, Washington, D.C.",
  year={2019}
}